@Book{wickham2015,
 author = {Wickham, Hadley},
 title = {R Packages},
 year = {2015},
 isbn = {1491910593, 9781491910597},
 edition = {1st},
 publisher = {O'Reilly Media, Inc.},
}
@article{knuth1984,
  title={Literate programming},
  author={Knuth, Donald E.},
  journal={The Computer Journal},
  volume={27},
  number={2},
  pages={97--111},
  year={1984},
  publisher={British Computer Society}
}
